1920 3374
670 882 691 905 .·
792 860 818 899 ν’

59 1082 153 1173 Quas
164 1086 322 1161 breviante
332 1098 465 1159 eubibuit
474 1090 668 1158 Taucbnitius
677 1098 729 1155 cei.
740 1084 775 1155 de
786 1112 860 1153 noco

53 1195 86 1259 in
98 1208 181 1247 usum
192 1191 355 1250 scholarum
366 1191 563 1250 Romanorum
574 1189 861 1265 scriptorumforma

55 1284 100 1340 16.
114 1283 272 1349 editiones,
288 1281 408 1358 Virgilii
413 1321 423 1352 ,
435 1281 575 1351 Horatii,
588 1280 726 1357 Nepotis,
751 1274 861 1345 Ovidii,

54 1371 206 1449 Eutropii,
224 1370 369 1441 Terentii,
387 1369 500 1444 Taciti,
512 1373 595 1429 nonis
607 1370 746 1447 bistppis
757 1367 862 1442 Angli-

55 1466 98 1520 cis
110 1479 248 1535 excusas,
261 1464 301 1519 iis
312 1465 371 1520 ium
384 1473 414 1519 et
424 1462 599 1531 Pbaedrum,
611 1461 711 1516 eadem
724 1479 798 1516 cura
811 1476 862 1514 ca-

54 1557 193 1650 stigptnm
205 1563 234 1611 et
239 1554 430 1630 perpolitum,
437 1554 598 1629 adiungere
607 1550 732 1627 placuit.
753 1549 862 1619 Quam-

54 1626 164 1716 obrem,
189 1664 244 1722 quo
256 1648 364 1722 purior
385 1647 544 1722 exsisteret
560 1646 723 1720 tersiorque
740 1641 862 1710 libellus,

54 1739 155 1808 omnis,
167 1757 243 1812 quae
255 1737 392 1796 adbibere
396 1738 508 1813 potua,
520 1734 664 1794 collocata
683 1743 729 1788 est
738 1734 863 1805 diiigen-

54 1828 108 1905 tia.
148 1822 260 1882 Tactus
279 1836 421 1886 accurate
439 1836 485 1884 est
500 1833 665 1892 correctus,
688 1823 862 1911 mendisque,

53 1922 93 1970 ut
111 1930 281 1987 speramus,
304 1917 433 1973 omnibns
458 1915 585 1984 solutum·
621 1912 863 1987 interpunctionis

48 2019 134 2079 prae
146 2003 253 2056 ceteris
264 2005 343 2058 insta
353 2006 458 2076 ubique
470 2019 543 2057 cara
555 2001 675 2071 batim,-
698 2019 752 2074 quo
763 1999 863 2065 melius
952 2030 959 2039 ·

55 2099 154 2147 autem
169 2093 321 2169 scansioni
331 2108 465 2156 uersuum
476 2090 685 2160 consuleretur,
693 2100 722 2147 et
732 2093 763 2147 in
769 2088 863 2146 Pbae-

55 2182 123 2251 dri,
148 2198 224 2256 quas
236 2182 304 2237 olim
315 2180 468 2238 Bentleius
485 2183 696 2257 insigniverat,
709 2185 804 2240 nutus
816 2192 863 2240 ta·

54 2290 120 2332 men
133 2281 232 2328 tentus
244 2265 443 2329 recensionem
455 2273 624 2330 exscribere
640 2272 689 2327 bic
703 2273 863 2348 noluimus3

57 2371 87 2418 et
98 2349 266 2437 in·reliquis
272 2361 400 2432 fabellis
408 2402 419 2433 ,
441 2366 623 2420 senariorum
640 2364 716 2435 ictus
729 2365 865 2438 apicibus

52 2454 164 2528 positis
175 2451 281 2528 ubique
298 2455 394 2524 notati
411 2463 486 2511 sunt.
525 2453 677 2510 Caeterum
686 2452 864 2523 fabularum
937 2467 939 2471 ’

58 2543 167 2609 series,
190 2548 308 2597 serrato
327 2538 444 2612 ordine,
468 2542 560 2616 quiin
578 2540 728 2598 codicibus
746 2543 863 2614 obtinet,

59 2629 173 2699 eadem,
196 2648 271 2706 quae
288 2629 319 2686 in
337 2633 490 2709 superiore
507 2633 632 2691 editione
648 2631 864 2692 Taucbnitiana

60 2730 217 2800 oocuparet.

128 2811 192 2870 Sed
207 2812 392 2886 largissimas
409 2812 651 2887 iunctissimusque
667 2811 715 2869 bic
726 2813 799 2869 liber
811 2832 864 2870 en·
911 2831 914 2849 ¹

10 2922 12 2929 ·
60 2907 138 2962 stitit
169 2901 410 2981 appendiciorum
435 2903 612 2973 fabularum
635 2905 722 2980 copia
738 2903 863 2960 adiecta.

10 2993 190 3055 Primum
201 2994 321 3053 additae
333 3001 400 3054 sunt
409 2992 540 3068 fabulae
552 2994 823 3069 computrueris,
831 3011 873 3046 cs
