1920 3374
114 485 150 540 μ
277 495 285 502 =
358 476 619 541 rnuuunuuu

149 591 221 642 Tum
231 582 359 654 Mugrlusz
379 576 518 652 Quidlais't
538 581 619 634 Tunc'
627 596 684 645 me,
697 587 861 652 commilito,

151 656 275 724 Spolitre
286 671 314 706 es
325 653 425 705 ansusi
445 654 497 706 llle
508 654 636 715 continuo
647 652 760 713 urcrsat?
784 656 786 661 ’

150 727 207 780 Sibi
217 726 245 793 ln
255 725 405 785 sinistram,
417 728 446 775 et
455 722 565 788 sputum
577 722 669 787 digitis
679 720 809 788 dissipat.

119 803 127 811 “
150 795 209 857 Sic,
220 797 386 858 Imperator,
395 791 469 843 uculi
480 790 666 842 exstillescant
674 792 739 853 mei,

82 877 86 885 ·
151 863 182 916 Si
191 863 320 925 vidi,aut
329 861 415 927 tetigi.
451 859 523 911 Tum
531 858 827 926 Viranimisimplicis

150 932 249 985 lnuncs
259 929 426 996 suspiciones
437 927 560 996 propelli
570 928 655 991 iubet,
831 938 833 943 '

151 999 211 1054 Nec
220 998 316 1051 cudere
326 1001 355 1049 in
365 998 444 1049 illum
455 998 543 1049 credit
552 1001 658 1048 tantam
669 997 825 1053 auducianr.

150 1068 320 1132 Haecintcr,
331 1073 422 1120 castra
433 1066 560 1130 accussit,
572 1071 600 1117 et
609 1065 695 1117 iiddns
705 1082 791 1119 manu

150 1136 288 1189 Romanos
298 1138 382 1189 armis
392 1136 558 1202 provocabat
568 1132 716 1205 Burbarus.

50 1214 56 1233 ¹
152 1205 210 1258 Sibi
218 1206 335 1274 quisquc
345 1207 456 1267 metuit,
466 1205 548 1270 primi
558 1204 705 1255 mussittnt
714 1205 830 1258 duces.-

152 1275 224 1327 Tum
235 1275 282 1343 qui
291 1275 421 1328 cinaedus
432 1273 540 1336 hubitu,
551 1273 599 1324 sed
610 1273 686 1324 Mars
696 1273 812 1338 viribus,

152 1344 218 1394 lldit
226 1345 368 1395 sedentem
380 1341 429 1408 pru
438 1341 572 1394 tribunali
582 1341 697 1406 Ducem,

152 1413 189 1462 Et
198 1410 264 1462 vuce
274 1411 366 1462 molli:
386 1409 484 1461 Liceti
502 1411 650 1462 Enimvero
662 1413 731 1477 uiici,
765 1455 767 1459 .

76 1489 83 1494 ·
126 1527 133 1536 ,
152 1479 188 1530 Ut
198 1477 226 1528 in
236 1495 267 1530 rc
277 1479 373 1540 atroci,
385 1477 503 1544 Mugnus
513 1476 688 1531 stomachans
698 1482 827 1548 imperat.

153 1548 225 1597 Tum
236 1547 346 1614 quidam
356 1548 449 1597 senior
458 1547 598 1610 e'x2amicis
608 1548 758 1617 Principis:

152 1616 235 1667 Hunc
246 1615 296 1682 efgo
307 1617 440 1667 committi
450 1615 537 1668 sutius
547 1617 689 1673 Fortunae
700 1620 832 1687 arbitror,

153 1684 185 1736 ln
195 1682 248 1751 qud
258 1686 365 1737 iactura
375 1682 442 1734 ltvis
453 1689 513 1754 cst,
520 1701 601 1754 quam
612 1684 713 1740 fortum¹
720 1691 823 1755 tirum,

154 1753 207 1815 Qui
218 1751 282 1804 cusu
290 1754 376 1805 rictus
386 1752 551 1806 temeritatis
561 1762 589 1807 te
601 1755 632 1807 ur
669 1761 705 1808 at.

39 1870 42 1875 ,
152 1820 276 1874 Assensit
285 1822 416 1892 Magnus,
427 1823 454 1875 dt
465 1826 589 1890 permisit
598 1825 640 1877 Mi
652 1822 687 1876 'ti'
725 1878 728 1883 ,

152 1888 268 1944 Prodire
278 1898 390 1957 contra3
401 1893 449 1960 qul
458 1896 576 1946 mirante
586 1895 715 1959 exercitu,

152 1957 235 2011 Dictd
247 1962 376 2025 celerius,
387 1961 474 2015 hustis
485 1962 603 2015 abscidit
613 1969 704 2031 caput,

150 2025 301 2098 Victorque
311 2033 402 2082 rediit.
437 2032 489 2084 llis
499 2038 558 2084 tum
568 2031 714 2099 Pompeius
724 2045 850 2103 supere]

153 2096 274 2160 Coruna,
284 2100 380 2161 Miles,
392 2099 518 2167 uquidem
528 2108 556 2150 te
562 2100 639 2164 ,donu
651 2102 750 2167 libens,

151 2163 224 2223 Quia
233 2163 377 2214 vindicasti
388 2166 498 2214 laudem
510 2168 624 2215 Romani
634 2168 749 2232 imperi3
832 2170 835 2175 '

150 2228 206 2280 Sed
215 2228 402 2282 exstillescant
411 2230 482 2281 oculi
491 2232 543 2291 sic,
553 2231 657 2295 inquit,
668 2237 731 2295 mci,

149 2288 323 2361 ‘lurpe'illud
333 2300 456 2357 imitans,
466 2296 539 2364 quud
551 2297 687 2350 cinaedus
697 2301 816 2376 iucem,
859 2343 863 2351 .

148 2362 210 2416 Nisi
219 2368 251 2416 tu
260 2363 396 2416 thsnlini
406 2363 528 2440 succinat
539 2363 709 2425 surturncas.

484 2481 529 2548 X.

260 2566 376 2657 Iuno,
400 2566 520 2645 Venus
535 2583 576 2646 et
592 2573 697 2649 dallo·
743 2631 753 2648 .

253 2684 257 2692 ”
332 2679 377 2735 Dc
386 2681 534 2740 Mulierum
543 2687 662 2745 libidine.

148 2744 253 2844 Quum
263 2779 415 2837 custitatem
425 2784 494 2837 luno
505 2788 633 2840 laudarit
642 2805 728 2852 suam,

144 2848 326 2901 Iucunditatis
336 2853 460 2909 caussam
471 2871 525 2906 non
536 2859 639 2923 repulit
649 2859 751 2911 Venus.
765 2912 775 2922 ,

145 2916 333 2985 Naturamque
345 2924 494 2975 affirmarat
503 2931 534 2975 ut
544 2942 604 2978 csse
614 2927 655 2976 illi
665 2926 812 2997 imparem,

144 2986 331 3054 Interrogasse
340 2991 379 3043 sic
389 2993 528 3047 Gallinam
538 2995 649 3047 diciturs
