1920 3374
125 481 179 539 loo
264 506 269 511 ·
344 472 490 530 nvlnNI
509 464 714 523 FABULAE.

122 588 201 640 Haec
212 588 304 635 tamen
316 585 381 632 ante
393 580 461 630 alias
471 576 546 643 rupit
556 577 716 642 turpissima
727 590 839 645 voccur,

156 656 230 704 Dum
241 653 353 719 generis
365 651 470 700 crimen
481 648 520 697 sio
532 646 643 696 abolore
655 645 742 710 cupit:

120 723 227 791 Iupiter
237 721 285 771 lroe
296 718 383 780 norit,
395 724 503 768 moneat
514 713 627 766 victoria
638 712 662 763 ai
672 729 767 782 quern

155 789 259 843 Iudicio
270 796 391 854 superest
400 785 517 834 omnihus
528 783 579 832 iste
588 799 653 832 meo.

121 928 197 993 Ergo
207 940 267 975 mos
278 906 383 974 homini
394 925 450 983 cst,
463 920 593 987 quicquid
604 921 656 971 sibi
668 920 770 972 feeerit
778 923 870 990 ‘ipses'

155 996 219 1046 Vile
230 995 296 1044 licet
306 997 432 1052 mancat,
445 991 607 1054 comprobat
617 990 676 1055 ipso
688 999 793 1041 tamen.

120 1062 192 1116 Nolo
203 1063 272 1112 velis
282 1076 375 1112 rerum
387 1060 531 1125 quicquam
543 1058 659 1108 laudare
669 1063 792 1124 tuarum,

157 1131 278 1184 Alterius
289 1131 420 1182 nisi‘sunt
431 1143 478 1186 one
489 1128 607 1208 probata
616 1127 703 1192 prius.

388 1238 390 1242 ’
477 1262 555 1328 xv.
779 1343 783 1348 ⁸

346 1355 465 1429 (ἕναςΔ
490 1363 550 1422 et-
565 1351 698 1423 Pooo.
783 1379 788 1389 ·

123 1449 299 1530 Threiciam
309 1480 449 1535 volucrem
460 1479 552 1531 fertur
561 1481 694 1531 Iunonius
706 1478 765 1532 ales

156 1546 299 1598 Communi
311 1548 414 1598 sociam
426 1550 604 1600 continuasse
616 1551 686 1601 cibo.
750 1575 755 1581 ·

120 1615 244 1685 Namque
254 1618 329 1668 inter
339 1620 429 1668 varias
441 1617 534 1668 fuerat
545 1618 684 1669 discordia
693 1616 811 1684 formas,

42 1682 47 1691 '
154 1685 313 1753 Magnaque
325 1687 359 1737 de
370 1687 445 1738 facili
457 1688 548 1754 iurgia
559 1688 608 1739 lito
620 1687 744 1737 trahunt:

71 1748 77 1762 ‘
119 1755 201 1820 Quod
211 1756 264 1806 sibi
276 1756 439 1807 multimodo
450 1755 593 1824 fulgerent
603 1756 725 1808 membra
735 1753 852 1822 decore,

156 1823 318 1876 Caeruleam
330 1822 455 1877 facerent
465 1826 549 1876 livida
559 1831 640 1892 terga
651 1825 762 1874 Gruem.

118 1892 156 1947 Et
166 1893 248 1944 simul
259 1899 369 1946 erectae
381 1895 552 1947 circumdans
564 1896 688 1961 tegmina
698 1891 805 1946 caudae

153 1960 301 2028 Sparserat
311 1979 444 2015 arcanum
455 1979 552 2014 rursus
563 1964 591 2012 in
604 1967 681 2013 astra
691 1962 782 2015 iubar.

117 2029 171 2080 Illa
180 2030 248 2082 lieet
259 2032 335 2083 nullo
346 2047 499 2096 pennarum
510 2036 599 2082 certet
610 2030 725 2092 honoro,

153 2096 207 2146 His
218 2102 313 2147 tamen
323 2100 460 2153 insultans
469 2100 582 2147 vocibus
593 2113 643 2144 usa
654 2099 755 2149 dature
791 2115 797 2120 ·
808 2135 821 2147 .

121 2160 248 2223 Quamvis
258 2163 411 2215 innumerus
417 2166 525 2230 plumae
536 2161 683 2212 variaverit
695 2168 770 2232 ordo,

151 2227 256 2279 Mersus
266 2229 340 2281 dumi
348 2228 556 2295 semperflorida
568 2236 648 2298 terga
657 2232 744 2298 geris.

119 2293 171 2347 Ast
179 2312 228 2362 ego
240 2297 354 2368 deformi
364 2295 479 2346 orthlimis
490 2294 519 2347 in
530 2305 596 2347 aera
602 2313 692 2364 penno

151 2362 733 2438 Proximauideritnenurninibusqueferor.
810 2409 815 2415 .

118 2499 149 2552 Si
159 2502 275 2566 quadam
284 2502 388 2552 rirtutc
400 2502 487 2565 nites,
498 2517 534 2554 ne
545 2502 656 2570 despice
668 2519 848 2578 quemquam,

49 2591 61 2600 ν
151 2570 195 2620 Ex
205 2570 261 2624 alia
271 2571 389 2639 quadam
400 2569 496 2624 forsan
507 2573 606 2640 etipse
617 2575 697 2628 nitet.

263 2705 757 2879 erererrsxexiLArundo.

113 2885 301 2974 Montibus'e
313 2923 428 2974 summis
440 2922 573 2975 radicitus
585 2933 666 2978 eruta
677 2928 806 2992 Quercus

148 2989 277 3055 Decidit,
288 2993 380 3069 insani
391 2994 503 3050 turbine
514 2994 587 3048 ricta
598 2997 666 3047 noti.
