1920 3374
264 521 351 573 unc.
373 495 630 597 cxui-nxu
772 528 819 580 ur

45 615 189 688 Quonam,
200 625 241 676 ait
250 624 308 687 ille,
318 625 411 689 modo,
420 642 527 744 tgenere
536 631 634 682 intam
644 632 754 699 dispare
762 651 843 705 quae·
858 611 865 634 Ι

405 711 418 745 s
433 711 474 758 us,
819 709 827 719 ⁵

406 763 417 813 'i
428 780 493 882 rlrarn
503 781 575 832 quae
584 769 643 834 ipse
655 785 672 821 a
681 771 809 824 sordibus

40 897 214 968 ,Reddidera
224 887 256 952 tu
266 869 377 953 rursum
388 834 579 972 atssabiauligine
589 885 701 974 tinges(

45 763 152 813 'l'ecum
162 730 290 813 babitare
300 752 399 828 queam

79 1036 189 1104 Ingenii
199 1038 251 1089 tibi
263 1040 405 1115 dissimilis
416 1043 557 1094 consortia
565 1045 631 1097 rita.
691 1078 694 1082 ·
790 1060 834 1125 .'

384 1174 509 1240 LXIV.
558 1190 561 1197 '

72 1302 74 1312 ·
175 1301 177 1306 ·
260 1259 624 1337 luctatos

43 1353 187 1454 Quidam,
198 1389 453 1460 speregrinttione
462 1391 616 1462 linginqua

42 1451 165 1515 Doinrim
175 1476 312 1525 reversus,
322 1461 412 1514 multa
422 1463 535 1514 strenue'
545 1463 621 1529 ficta

17 1533 85 1596 ,Ab
95 1545 125 1580 se
135 1529 165 1579 in
174 1533 402 1598 peregrinitione
411 1531 542 1595 iactabat.
700 1593 706 1607 x

42 1600 119 1652 Inter
131 1614 215 1665 quae,
225 1617 288 1652 eum
298 1601 415 1654 saltasse
426 1617 456 1653 se
467 1600 558 1654 Rhodi
567 1602 682 1666 silium,

43 1669 131 1729 Quem
144 1669 262 1735 aequiro
274 1671 367 1721 nullus
378 1670 411 1720 ex
423 1686 457 1721 ea
465 1672 534 1741 urbe
546 1672 686 1736 quivisset.

37 1736 186 1802 ‚Huiusque
197 1739 286 1789 'testes
295 1737 478 1802 factibabcre
488 1738 517 1786 sc
527 1739 629 1786 multos

40 1803 114 1855 Sanc
125 1820 226 1870 graves
236 1805 407 1868 idoneosque
418 1802 534 1852 dicebat.
596 1805 601 1810 '

42 1873 93 1922 Cui
104 1878 163 1921 tum
173 1871 207 1919 tx
216 1883 320 1919 corona
329 1870 453 1935 quidam:
473 1870 582 1932 Amice,
592 1869 657 1936 quid
667 1869 752 1939 testes

40 1937 179 1998 Adducis,
189 1937 291 2001 inquit,
302 1937 363 1988 cum
373 1938 493 2003 probare
503 1936 533 1987 re
542 1936 650 2003 possiet

40 2004 114 2060 Nam
125 2007 149 2056 si
159 2004 252 2070 utique
263 2011 428 2076 verpmest,
439 2003 513 2070 quod
523 2006 623 2067 refers,
632 2006 714 2056 iidem
724 2005 804 2059 nubis

40 2077 97 2128 Res
108 2075 170 2142 ipsa
181 2073 281 2124 faciat:
300 2077 344 2125 En
355 2073 470 2126 Rhodus
479 2073 545 2135 tibi,
556 2073 590 2123 en
599 2073 700 2126 scitus!

77 2211 128 2264 Ubi
139 2210 222 2267 rebus
234 2225 303 2279 opus
315 2217 367 2276 est,
377 2185 463 2277 re'rba
472 2208 595 2287 inaniter
603 2209 697 2264 iictes.

381 2326 493 2410 iixv.

230 2433 395 2532 Vulpes
417 2445 464 2505 et
491 2434 654 2506 Rubos.
777 2481 784 2496 ·

41 2531 205 2618 Excelsam
213 2564 318 2632 Vulpes
326 2581 421 2632 sepem
431 2563 631 2617 conscenderat
642 2562 725 2624 horti,

12 2660 19 2668 -
40 2632 120 2685 Unde
129 2634 219 2701 gradu
228 2636 352 2686 instabili
362 2633 391 2686 et
399 2634 538 2685 titubante
548 2648 598 2698 per
609 2631 696 2682 ardua
710 2630 808 2696 planta
909 2666 915 2676 .

40 2699 194 2767 Adprendit
204 2718 303 2755 casura
312 2704 428 2755 Rubum.
463 2702 514 2754 Ille
525 2701 645 2752 infestus
655 2702 743 2751 acutis

41 2766 174 2822 Sentibus
185 2772 314 2824 incautae
324 2774 442 2840 pupugit
452 2772 572 2838 vestigia
582 2769 689 2834 Vulpis.

39 2839 118 2899 Quae
128 2839 201 2891 male
211 2841 330 2892 multata
340 2843 486 2909 etplantas
497 2840 604 2891 laniata
613 2844 743 2890 cruentas
787 2855 799 2889 ·,

11 2901 18 2928 “
36 2907 171 2960 incusare
179 2907 288 2959 Rubum
298 2911 461 2976 probrisque
471 2910 611 2960 incessere
623 2908 723 2972 coepit,
755 2925 769 2934 ·

38 2974 120 3036 Quod
130 2977 194 3037 sibi,
204 2977 311 3029 adeius
322 2994 402 3045 opem
413 2993 483 3044 quae
495 2977 670 3042 confugisset
680 2976 709 3022 in
720 2975 788 3025 artis

10 3088 13 3098 .
36 3043 147 3107 Rebus,
157 3041 307 3099 inhumano
317 3048 460 3100 nocuisset
469 3046 605 3097 barbarus
616 3055 693 3093 ausu.
