1920 3374
357 493 553 555 LIBER-I.
806 495 835 546 11

109 599 168 652 Leo
177 595 240 649 eum
250 598 366 657 iaceret
377 595 502 660 spiritum
514 593 667 645 extremum
678 593 799 659 trahens,
827 592 830 598 '

110 667 184 732 Apdr
196 665 336 715 fulmineis
348 664 383 719 dd
394 678 456 713 eum
467 666 542 713 venit
552 663 689 725 dentibus,

113 737 150 786 Et
160 734 306 783 vindicavit
315 732 373 781 ictu
384 733 521 782 ueterem
514 731 655 781 rnidriam:
693 739 695 746 '

65 850 69 856 .
111 801 222 853 Infe'stis
232 803 343 851 Taurus
353 799 418 850 ιιιόιι
428 799 552 850 confodit
563 800 610 849 ciii
612 801 696 851 nibus*

95 870 222 921 ·Hostile
234 883 344 934 eorpus
378 853 494 929 Aemus,
504 872 536 917 ut
546 867 628 928 vidit
639 868 729 921 ferum

111 936 225 1002 lmpime
235 938 322 1002 laedi,
333 935 454 987 calcibus
464 935 585 987 frontem
596 934 711 988 extudit.

112 1007 149 1056 At
159 1006 208 1056 iile
220 1007 377 1070 exspirans.
392 1005 489 1054 Fiirtes
498 1003 610 1070 indigne
621 1004 673 1053 tuli

114 1064 183 1124 Mihi
195 1073 340 1123 insultare:
352 1072 388 1135 te,
400 1078 517 1123 naturae
528 1071 656 1134 dedecus,

115 1140 468 1206 Quodierreeertacdgor,
478 1139 712 1192 bisvidedrmuri.
792 1189 804 1202 k*
898 1178 902 1182 .

240 1301 243 1306 ·
394 1270 522 1334 XXII.

272 1358 445 1459 Mustela
459 1371 499 1430 et
512 1357 648 1430 Homo.

115 1455 269 1550 Mustela,
289 1488 324 1539 ab
340 1487 461 1539 Homine
475 1486 590 1553 prensa,
611 1501 673 1538 uum
687 1486 836 1538 instantem

489 1570 585 1606 necem

113 1621 242 1690 Effugere
252 1624 350 1675 vellet
369 1621 457 1675 Parce
463 1638 599 1690 quaeso,
608 1621 712 1690 inquit,
722 1621 799 1679 mihi

115 1693 192 1752 Quae
203 1693 255 1742 tibi
267 1692 391 1743 molestis
402 1693 525 1744 muribus
536 1692 623 1759 purgd
635 1693 769 1743 domum.

113 1759 265 1825 Resprindit
275 1761 336 1810 ille:
357 1753 475 1811 Faceres
485 1764 510 1810 si
520 1760 618 1812 caussa
629 1765 700 1822 mea,

114 1828 231 1878 Gratum
242 1829 328 1888 e'sset,
339 1834 367 1877 et
377 1828 514 1879 dedissem
524 1831 631 1880 veniam
641 1826 765 1905 sdppliei.
804 1868 807 1873 .

113 1894 195 1944 Nunc
205 1894 404 1958 quialaboras
414 1894 446 1950 ut
456 1894 558 1944 fruaris
567 1893 635 1958 reu
637 1895 700 1954 uiis,
771 1917 773 1921 .

116 1962 192 2021 Quas
202 1959 267 2008 simi
276 1961 381 2018 rosuri,
390 1959 474 2008 simul
484 1965 512 2008 et
522 1961 596 2021 ipsos
607 1959 731 2019 ddvdres,

116 2026 182 2079 Noli
193 2025 331 2090 Imputare
341 2023 439 2075 vanum
450 2023 613 2075 beneficitim
619 2023 700 2074 ιιιὶΙιι.

115 2098 204 2161 Atque
215 2094 255 2144 ita
261 2093 376 2148 locutus
387 2092 542 2156 improbam
552 2090 608 2147 leid
619 2091 704 2143 dedit.

110 2162 235 2213 .'Huc
224 2178 253 2213 ιιι
262 2176 295 2228 sa
304 2160 408 2209 dictum
419 2159 519 2209 debent
528 2159 571 2209 illi
581 2160 739 2226 agudscere,

114 2229 239 2293 Quorum
249 2229 357 2308 privata
366 2226 451 2277 servit
461 2225 567 2277 ιιιιιιιιιι
578 2229 639 2291 sibi,
682 2267 686 2275 .

114 2302 151 2351 Et
160 2296 304 2359 miratum
296 2309 379 2349 mane
388 2292 493 2346 metant
501 2296 726 2361 imprudentibus
781 2347 784 2352 .

386 2428 535 2493 XXIII.

327 2517 437 2588 Canes
451 2517 570 2610 fidel
551 2543 594 2589 ιι.

112 2613 676 2777 seierumrur

66 2790 69 2795 '
150 2779 307 2830 Noctdrnus
317 2795 377 2830 cum
389 2779 474 2830 fur
443 2796 541 2846 panem
552 2780 671 2832 misissit
680 2780 755 2841 Cani,

114 2847 231 2899 Obiecto
242 2848 375 2910 tentans'
364 2865 398 2900 un
409 2850 468 2899 cibo
480 2851 572 2914 posset
583 2852 654 2915 capi.

117 2915 195 2966 Heus
200 2907 320 2983 ,inquit,
332 2917 453 2983 linguam
465 2919 505 2968 vis
515 2933 603 2981 meam
614 2915 802 2982 praeciddere,

116 2981 157 3033 Ne
168 2983 265 3050 latrem
277 2998 327 3050 pro
336 2999 368 3036 ra
378 2984 499 3037 dimidii
509 2974 627 3073 multum
638 2984 751 3035 falleris
