1920 3374
115 436 167 490 llo
260 424 270 447 x
332 429 477 484 AVIANI
497 427 697 483 FABULAE.

27 538 29 543 ’
114 539 163 592 llle
174 538 252 592 nefus
263 537 375 602 captum
384 533 511 585 referens
523 533 665 584 absolvere
676 509 798 599 piscemJ
871 540 874 545 '

119 641 123 647 ·
148 606 280 658 Difficiles
292 604 418 671 queritur
429 603 537 654 casibus
549 616 609 654 esse
619 603 702 651 vices.

116 676 187 729 Nam
212 672 337 727 miserum
360 678 414 735 ert,
437 672 545 789 imici}
564 677 732 737 praesentem
752 669 887 726 arnittm

152 754 698 878 erutumetrurrcmegigefer'z'rarequi.

116 950 226 1002 Incerta
234 961 285 1013 pro
297 961 345 1013 spe
356 960 411 996 uon
423 960 539 997 munere
549 947 625 996 certe
635 943 774 1011 relinque,

151 1017 193 1070 Ne
204 1032 300 1071 rursus
310 1030 427 1085 quaeras
437 1013 511 1066 iorte
517 1050 527 1078 ,
539 1029 590 1066 uec
599 1014 733 1065 invenias.

408 1126 411 1131 ’
470 1124 567 1214 x'xr.

299 1238 522 1312 Rusticus
550 1246 596 1308 et
623 1235 740 1309 Aee's.

117 1335 253 1417 Parvula
260 1368 424 1432 progeniem
433 1372 527 1435 terrae
536 1364 716 1415 mandaverat
727 1366 796 1427 eles,

153 1435 214 1496 Qua
224 1436 317 1484 stabat
326 1435 409 1484 viridi
419 1436 525 1500 cespite
536 1433 606 1484 llere
616 1448 707 1500 seges.

117 1502 247 1559 Rusticus
257 1500 328 1551 hanc
338 1501 433 1568 fragili
445 1502 558 1567 cupiens
571 1502 720 1568 decerpere
731 1500 835 1566 culmo,

100 1619 104 1625 .
152 1570 277 1624 Vicinam
289 1571 404 1637 supplex
413 1569 486 1620 forte
497 1571 610 1635 petebat
621 1585 708 1636 opem.

61 1674 64 1679 -
119 1639 175 1696 Sed
184 1654 238 1690 vor
247 1638 391 1704 implumes
403 1640 526 1691 turbarit
537 1639 651 1691 credulo
660 1638 750 1705 nidos,

154 1707 287 1760 Suuserat
298 1713 326 1758 et
336 1708 441 1759 laribus
453 1707 616 1776 continuare
626 1707 727 1776 fugam.

121 1777 234 1830 Cautior
244 1775 296 1837 hos
308 1791 434 1829 remeans
445 1775 576 1844 prohibet
586 1779 728 1832 discedere
738 1780 844 1831 muter:

155 1844 242 1909 Num,
252 1845 318 1914 quid
324 1845 358 1897 ab
368 1847 487 1900 externit
492 1846 672 1916 prestoletur?
681 1849 729 1899 uit.

119 1915 169 1969 Ille
180 1916 282 1968 iterum
293 1917 365 1967 euris
376 1930 487 1982 operam
498 1916 638 1967 mandevit
648 1918 754 1969 amieis.

155 1987 190 2036 At
200 1987 322 2052 genitrix
337 2000 446 2037 rursum
457 1987 545 2037 tutior
555 1985 619 2036 iude
631 1991 733 2037 menet.

121 2052 176 2106 Sed
192 2060 338 2119 postquam
349 2070 446 2106 cumas
459 2056 599 2106 dominum
611 2054 814 2119 comprendere
823 2053 908 2115 fuldu,

154 2120 293 2185 Frugibus
305 2125 335 2170 et
344 2136 437 2172 veram
449 2124 537 2172 sensit
546 2121 644 2182 edesse
655 2134 781 2190 uranum,

120 2184 211 2246 Nure,
221 2187 273 2248 ait,
284 2204 300 2237 o
311 2187 412 2251 miseri,
423 2188 522 2239 dilectu
532 2184 675 2250 relinquite
685 2201 767 2256 rura,

158 2251 245 2317 Quum
255 2268 327 2320 rpem
335 2256 366 2306 de
371 2255 492 2323 propriis
501 2252 603 2307 ritibus
613 2252 658 2305 ille
663 2254 745 2322 petit.
813 2316 817 2323 1

463 2387 573 2455 ΧΧΠ.
859 2460 863 2469 ,

268 2474 455 2550 Invidus
483 2490 529 2551 et
558 2481 765 2580 Cupidus.

117 2575 230 2672 Iupiter
240 2607 383 2675 ambiguas
394 2605 534 2660 homiuum
546 2611 722 2677 praediscere
732 2620 857 2681 mentes,

153 2674 193 2726 lid
203 2679 294 2726 terras
304 2675 445 2728 Phoebum
456 2678 534 2729 misit
544 2680 579 2730 ab
590 2695 652 2733 eree
662 2681 728 2748 poli.

118 2744 198 2801 'lunc
207 2742 262 2793 duo
274 2745 389 2795 diversis
399 2747 551 2812 poscebant
561 2752 675 2807 numina
684 2749 770 2802 votiss

152 2812 276 2879 Namque
288 2813 359 2863 alter
370 2815 501 2880 cupidus,
512 2817 624 2871 lnvidus
635 2819 708 2872 alter
718 2824 790 2872 erat.
892 2814 897 2819 ’

55 2936 59 2941 ,
117 2882 172 2936 His
183 2898 244 2936 sese
254 2881 375 2934 medium
386 2884 485 2948 Titan,
498 2892 636 2940 scrutatus
647 2894 807 2960 utrumque,

151 2954 272 3018 Obtulit,
283 2957 312 3006 et
322 2953 451 3019 precibus
462 2960 493 3009 ut
502 2962 662 3025 peteretur,
674 2960 725 3023 oit,
