1920 3374
280 451 387 505 ..FAB
406 448 706 511 XXVIlldXX·

101 556 191 622 quem
202 553 286 606 simul
295 557 432 622 aspiciens
441 555 515 624 ruris
524 550 644 621 miratur
640 453 888 639 amab-'u

135 626 256 692 Vimque
267 622 373 676 homini
385 629 493 676 tantam
494 616 631 703 protinus
643 639 704 679 esse
713 631 804 693 pavet

99 693 172 747 Nam
182 692 290 761 gelidos
300 699 377 745 artus
389 695 465 745 vitae
476 688 507 745 u't
516 686 700 746 revocaretur
710 709 801 801 usum,

91 800 96 807 -
135 763 247 815 Afflatas
260 763 351 814 calido
360 763 484 815 solverat
494 778 543 829 ore
553 778 661 829 manus·

101 829 156 884 Sed
167 847 250 899 quum
256 831 376 914 depulso
388 832 533 900 coepisset
535 830 651 902 frigore
652 794 745 885 laetus

134 901 260 967 Hospitis
271 901 373 953 eximia
382 900 534 954 sedulitate
541 900 608 964 frui,

101 967 240 1037 (Namque
248 970 297 1023 ille
307 975 453 1039 agrestem
459 973 573 1038 cupiens
583 969 733 1023 ostendero
742 969 838 1034 vitam,

77 1093 82 1101 ,
131 1037 274 1110 Silvarum
282 1040 411 1093 referens
422 1041 545 1106 optima
540 1054 665 1108 quaeque
675 1039 775 1102 dabat,

100 1106 210 1159 Obtulit
220 1111 248 1167 et
258 1107 348 1160 calido
358 1110 470 1174 plenum
481 1114 592 1161 cratera
601 1108 710 1173 Lyaeo,

133 1175 227 1226 Laxet
235 1182 267 1226 ut
278 1176 384 1226 infusus
395 1176 452 1226 lrie
434 1179 500 1242 gida
510 1177 636 1229 membra
644 1181 737 1240 tepor:
740 1178 784 1236 )

97 1243 149 1296 Ille
160 1244 207 1295 ubi
217 1244 373 1296 ferventem
384 1245 470 1295 labris
482 1246 644 1309 contingere
652 1247 786 1305 testam

133 1314 270 1376 Horruit,
281 1313 329 1362 aiv
312 1313 388 1364 veriti
398 1325 494 1378 rursus
503 1314 538 1364 ab
551 1327 600 1363 ore
610 1311 701 1364 tulit

97 1381 252 1448 Obstupuit
261 1349 366 1449 dupiici
374 1387 501 1432 monstro
509 1374 679 1464 perterritas
688 1342 797 1449 hospes,

132 1452 169 1501 Et
178 1451 374 1525 pulsumsilvis
386 1450 515 1518 longias'
507 1466 548 1503 iro
559 1450 644 1503 iubet.
692 1486 695 1491 -

96 1516 178 1583 Nolo,
189 1522 243 1584 ait,
254 1522 287 1571 ul
295 1519 397 1573 ιιοιιιιι
407 1536 524 1587 unquam
533 1517 690 1572 successere
699 1516 797 1581 antris,
873 1542 876 1548 ·

136 1586 212 1641 Tam
215 1589 321 1642 diversa
332 1589 382 1640 duo
393 1605 439 1658 qm
434 1588 531 1663 'simul
539 1605 585 1642 ore
590 1588 706 1660 ferat

98 1657 152 1723 Qui
162 1659 233 1710 bene
244 1658 421 1740 colloquitur
423 1652 531 1720 coram,
542 1657 593 1708 scd
604 1663 701 1722 postea
708 1646 802 1724 prave,

136 1727 192 1783 uic
202 1710 460 1795 criminosius
470 1695 546 1782 nuc'ci
556 1739 607 1822 ora
620 1730 719 1791 gerat.

351 1867 364 1873 ”
443 1852 849 1931 XXX..

180 1937 437 2019 Vitricus
466 1957 513 2019 et
539 1944 782 2018 Dominus.

100 2010 285 2127 vastantem
294 2069 407 2144 segetes
418 2079 447 2127 et
455 2076 571 2144 pinguia
581 2074 658 2127 culta
666 2079 795 2126 ruentem

138 2147 276 2211 Liquerat
287 2146 395 2196 abscisa
405 2145 534 2196 Rusticus
546 2160 613 2197 aure
625 2158 717 2195 suem·
709 2180 717 2207 ,
779 2154 782 2163 ·

100 2218 138 2270 Ut
147 2228 254 2268 memor
264 2215 370 2281 accepti
381 2213 507 2269 referens
518 2206 699 2265 monumenta
709 2212 846 2267 doloris

134 2285 258 2338 Ulterius
268 2283 377 2335 teneris
387 2290 519 2349 parceret
530 2284 577 2334 ille
588 2285 665 2335 satis.
789 2336 796 2345 ,

100 2354 225 2410 Rursns'
218 2369 246 2403 ιιι
259 2354 368 2418 excepti
380 2353 533 2419 deprensus
543 2355 657 2404 crimine
668 2354 756 2422 campi

137 2418 264 2476 Perdidit
273 2421 399 2472 indultae
406 2422 532 2490 perfidus
543 2423 618 2473 auris
630 2437 734 2474 onus

103 2492 164 2546 Nec
174 2504 265 2554 mora3
276 2491 433 2556 praedictae
443 2492 535 2558 segeti
547 2498 630 2561 caput
638 2477 736 2543 intulit
745 2488 873 2555 horrens,
937 2532 939 2537 .

138 2561 234 2614 Poena
243 2557 293 2608 sed
301 2558 445 2625 indignum
457 2564 653 2626 congeminata
662 2560 736 2611 facit

103 2633 184 2687 Tunc
194 2627 309 2679 Domini
318 2633 427 2692 captum
438 2631 540 2680 mensis
552 2629 629 2679 dedit
638 2628 685 2681 ille
696 2628 883 2694 superbis,

138 2701 170 2752 ln
181 2696 274 2749 varias
284 2696 513 2779 epulasplusima
519 2696 609 2750 frusta
619 2711 722 2750 secans.

105 2767 159 2821 Sed
171 2781 254 2834 qrrum
266 2768 420 2832 consumpti
432 2767 568 2818 Dominus
579 2782 628 2818 cor
640 2762 789 2834 quaereret
799 2766 868 2834 apri,

139 2837 289 2903 Impatiens
299 2833 389 2884 tertur
399 2850 446 2886 cor
456 2838 579 2902 rapuisse
591 2852 732 2904 coquus.¹

107 2904 236 2958 Rusticus
247 2902 300 2954 hoc
310 2905 409 2954 iustam
420 2905 507 2957 verbo
519 2905 707 2973 compescuit
699 2918 777 2965 ιιιιιι,
869 2968 876 2983 ,

141 2973 287 3070 affirmans
297 2973 414 3037 stultum
423 2971 719 3096 3¹⁰¹²hi⁸b¹¹¹1⁸1⁸⁰3⁵¹¹⁰m
